<?xml version="1.0"?>
<mets xmlns:xlink="http://www.w3.org/1999/xlink" xmlns="http://www.loc.gov/METS/" xmlns:mets="http://www.loc.gov/METS/" OBJID="UF00023894_00001" LABEL="Sleeping beauty">
  <metsHdr CREATEDATE="2011-03-15T16:49:42Z" ID="UF00023894_00001" LASTMODDATE="2011-03-15T16:49:42Z">
    <agent ROLE="CREATOR" TYPE="ORGANIZATION">
      <name>FCLA</name>
      <note>
        This is DigiTool METS created by FCLA from the institution-submitted METS package UF00023894_00001.
      </note>
    </agent>
  </metsHdr>
  <dmdSec ID="DMD1"><mdWrap MDTYPE="MARC" MIMETYPE="text/xml"><xmlData><marc:record xmlns:marc="http://www.loc.gov/MARC21/slim"><marc:leader>     nm  22     uu 4500</marc:leader><marc:controlfield tag="008">      s           ||||||||||||||||||||||</marc:controlfield>
          <marc:datafield tag="245" ind1="1" ind2="0"><marc:subfield code="a">Sleeping beauty</marc:subfield></marc:datafield>
          <marc:datafield tag="130" ind1="0" ind2=" "><marc:subfield code="a">Belle au bois dormant.</marc:subfield></marc:datafield>
          <marc:datafield tag="720" ind1=" " ind2=" "><marc:subfield code="a">Perrault, Charles,</marc:subfield></marc:datafield>
          <marc:datafield tag="720" ind1=" " ind2=" "><marc:subfield code="a">William Walker &amp; Sons.</marc:subfield></marc:datafield>
          <marc:datafield tag="260" ind1=" " ind2=" "><marc:subfield code="a">London :</marc:subfield><marc:subfield code="b">William Walker &amp; Sons,</marc:subfield><marc:subfield code="c">ca.1880?</marc:subfield></marc:datafield>
          
          
          
          
          <marc:datafield tag="500" ind1=" " ind2=" "><marc:subfield code="a">"Rare proverbs and quainte sayings for the fireside"- p. &lt;4&gt; of cover.</marc:subfield></marc:datafield>
          <marc:datafield tag="500" ind1=" " ind2=" "><marc:subfield code="a">Cover title.</marc:subfield></marc:datafield>
          <marc:datafield tag="500" ind1=" " ind2=" "><marc:subfield code="a">Pagination includes inside of front and back cover.</marc:subfield></marc:datafield>
          <marc:datafield tag="500" ind1=" " ind2=" "><marc:subfield code="a">Preservation and Access for American and British Children's Literature, 1870-1889 (NEH PA-50860-00).</marc:subfield></marc:datafield>
          <marc:datafield tag="655" ind1=" " ind2="7"><marc:subfield code="a">Fairy tales -- 1880.</marc:subfield></marc:datafield>
          <marc:datafield tag="650" ind1="1" ind2=" "><marc:subfield code="a">Bldn -- 1880.</marc:subfield></marc:datafield>
          
            
          
          <marc:datafield tag="534" ind1=" " ind2=" "><marc:subfield code="e">7 p. : ill. ; 26 cm.</marc:subfield></marc:datafield>
          <marc:datafield tag="852" ind1=" " ind2=" "><marc:subfield code="a">&lt;a href="http://web.uflib.ufl.edu/spec/baldwin/baldwin.html"&gt;Baldwin Library of Historical Children's Literature&lt;/a&gt;in the &lt;a href="http://web.uflib.ufl.edu/spec/"&gt;Special Collections&lt;/a&gt;, &lt;a href="http://www.uflib.ufl.edu"&gt;George A. Smathers Libraries&lt;/a&gt;</marc:subfield></marc:datafield><marc:datafield tag="852" ind1=" " ind2=" "><marc:subfield code="a">UF</marc:subfield></marc:datafield>
          <marc:datafield tag="" ind1=" " ind2=" "><marc:subfield code="a">All rights reserved, Board of Trustees of the University of Florida.</marc:subfield></marc:datafield>
        <marc:datafield tag="598" ind1=" " ind2=" "><marc:subfield code="a">UF00023894_00001</marc:subfield></marc:datafield></marc:record></xmlData></mdWrap></dmdSec>
  <fileSec>
    <fileGrp USE="reference">
      <file ID="F1" SEQ="1" GROUPID="G1" MIMETYPE="image/jpeg">
        <FLocat LOCTYPE="OTHER" xlink:href="00001.jpg" OTHERLOCTYPE="SYSTEM"/>
      </file>
      <file ID="F2" SEQ="2" GROUPID="G2" MIMETYPE="image/jpeg">
        <FLocat LOCTYPE="OTHER" xlink:href="00002.jpg" OTHERLOCTYPE="SYSTEM"/>
      </file>
      <file ID="F3" SEQ="3" GROUPID="G3" MIMETYPE="image/jpeg">
        <FLocat LOCTYPE="OTHER" xlink:href="00003.jpg" OTHERLOCTYPE="SYSTEM"/>
      </file>
      <file ID="F4" SEQ="4" GROUPID="G4" MIMETYPE="image/jpeg">
        <FLocat LOCTYPE="OTHER" xlink:href="00004.jpg" OTHERLOCTYPE="SYSTEM"/>
      </file>
      <file ID="F5" SEQ="5" GROUPID="G5" MIMETYPE="image/jpeg">
        <FLocat LOCTYPE="OTHER" xlink:href="00005.jpg" OTHERLOCTYPE="SYSTEM"/>
      </file>
      <file ID="F6" SEQ="6" GROUPID="G6" MIMETYPE="image/jpeg">
        <FLocat LOCTYPE="OTHER" xlink:href="00006.jpg" OTHERLOCTYPE="SYSTEM"/>
      </file>
      <file ID="F7" SEQ="7" GROUPID="G7" MIMETYPE="image/jpeg">
        <FLocat LOCTYPE="OTHER" xlink:href="00007.jpg" OTHERLOCTYPE="SYSTEM"/>
      </file>
      <file ID="F8" SEQ="8" GROUPID="G8" MIMETYPE="image/jpeg">
        <FLocat LOCTYPE="OTHER" xlink:href="00008.jpg" OTHERLOCTYPE="SYSTEM"/>
      </file>
    </fileGrp>
    <fileGrp USE="index">
      <file ID="T1" SEQ="1" GROUPID="G1" MIMETYPE="text/plain">
        <FLocat LOCTYPE="OTHER" xlink:href="00001.txt" OTHERLOCTYPE="SYSTEM"/>
      </file>
      <file ID="T2" SEQ="2" GROUPID="G2" MIMETYPE="text/plain">
        <FLocat LOCTYPE="OTHER" xlink:href="00002.txt" OTHERLOCTYPE="SYSTEM"/>
      </file>
      <file ID="T3" SEQ="3" GROUPID="G3" MIMETYPE="text/plain">
        <FLocat LOCTYPE="OTHER" xlink:href="00003.txt" OTHERLOCTYPE="SYSTEM"/>
      </file>
      <file ID="T4" SEQ="4" GROUPID="G4" MIMETYPE="text/plain">
        <FLocat LOCTYPE="OTHER" xlink:href="00004.txt" OTHERLOCTYPE="SYSTEM"/>
      </file>
      <file ID="T5" SEQ="5" GROUPID="G5" MIMETYPE="text/plain">
        <FLocat LOCTYPE="OTHER" xlink:href="00005.txt" OTHERLOCTYPE="SYSTEM"/>
      </file>
      <file ID="T6" SEQ="6" GROUPID="G6" MIMETYPE="text/plain">
        <FLocat LOCTYPE="OTHER" xlink:href="00006.txt" OTHERLOCTYPE="SYSTEM"/>
      </file>
      <file ID="T7" SEQ="7" GROUPID="G7" MIMETYPE="text/plain">
        <FLocat LOCTYPE="OTHER" xlink:href="00007.txt" OTHERLOCTYPE="SYSTEM"/>
      </file>
      <file ID="T8" SEQ="8" GROUPID="G8" MIMETYPE="text/plain">
        <FLocat LOCTYPE="OTHER" xlink:href="00008.txt" OTHERLOCTYPE="SYSTEM"/>
      </file>
    </fileGrp>
  </fileSec>
  <structMap>
    <div DMDID="DMD1" LABEL="Sleeping beauty" TYPE="Chapter">
      <div LABEL="Front Cover" TYPE="Chapter">
        <div TYPE="Page">
          <fptr FILEID="F1"/>
          <fptr FILEID="T1"/>
        </div>
      </div>
      <div LABEL="The Sleeping Beauty" TYPE="Chapter">
        <div TYPE="Page">
          <fptr FILEID="F2"/>
          <fptr FILEID="T2"/>
        </div>
        <div TYPE="Page">
          <fptr FILEID="F3"/>
          <fptr FILEID="T3"/>
        </div>
        <div TYPE="Page">
          <fptr FILEID="F4"/>
          <fptr FILEID="T4"/>
        </div>
        <div TYPE="Page">
          <fptr FILEID="F5"/>
          <fptr FILEID="T5"/>
        </div>
        <div TYPE="Page">
          <fptr FILEID="F6"/>
          <fptr FILEID="T6"/>
        </div>
        <div TYPE="Page">
          <fptr FILEID="F7"/>
          <fptr FILEID="T7"/>
        </div>
      </div>
      <div LABEL="Back Cover" TYPE="Chapter">
        <div TYPE="Page">
          <fptr FILEID="F8"/>
          <fptr FILEID="T8"/>
        </div>
      </div>
    </div>
  </structMap>
</mets>
